<?xml version="1.0" encoding="UTF-8"?><collection xmlns="http://www.loc.gov/MARC21/slim"><record><leader>00308nam--2200121-i-4500</leader><controlfield tag="001">000042167</controlfield><controlfield tag="002">20161230</controlfield><controlfield tag="005">20161230201043</controlfield><controlfield tag="008">060222s1000------------r-----000-0-eng-d</controlfield><datafield ind1=" " ind2=" " tag="080"><subfield code="a">546.3:536.4</subfield></datafield><datafield ind1=" " ind2=" " tag="245"><subfield code="a">The solidification of metals</subfield></datafield><datafield ind1=" " ind2=" " tag="260"><subfield code="a">London, Iron And Steel Inst.,1968. Viii + 430 P</subfield></datafield><datafield ind1=" " ind2=" " tag="852"><subfield code="a">75113</subfield></datafield></record></collection>